<?xml version="1.0" encoding="UTF-8"?><collection xmlns="http://www.loc.gov/MARC21/slim"><record><leader>00351nam--2200121-i-4500</leader><controlfield tag="001">000030900</controlfield><controlfield tag="002">20161230</controlfield><controlfield tag="005">20161230201038</controlfield><controlfield tag="008">060222s1000------------r-----000-0-eng-d</controlfield><datafield ind1=" " ind2=" " tag="245"><subfield code="a">Mathematical research-mathematische forschung. band 24: convergence structures 1984</subfield></datafield><datafield ind1=" " ind2=" " tag="260"><subfield code="a">Berlin, Akademie Verlag, 1985</subfield></datafield><datafield ind1=" " ind2=" " tag="700"><subfield code="a">Novak, Josef/S.A.</subfield></datafield><datafield ind1=" " ind2=" " tag="852"><subfield code="a">70325</subfield></datafield></record></collection>